@article{fppaper,
  title = {The ATLAS Experiment at the CERN Large Hadron Collider},
  author = {Furman, M. A. and Pivi, M. T. F.},
  journal = {Phys. Rev. ST Accel. Beams},
  volume = {3},
  issue = {},
  pages = {},
  numpages = {18},
  year = {2008},
  month = {Aug},
  publisher = {American Physical Society},
  doi = {10.1088/1748-0221/3/08/S08003},
  url = {https://link.aps.org/doi/10.1103/PhysRevSTAB.5.124404}
}


@article{Aaboud:2018fzt,
      author         = "Aaboud, M. and others",
      title          = "{Search for low-mass dijet resonances using trigger-level
                        jets with the ATLAS detector in $pp$ collisions at
                        $\sqrt{s}=13$ TeV}",
      collaboration  = "ATLAS",
      journal        = "Phys. Rev. Lett.",
      volume         = "121",
      year           = "2018",
      number         = "8",
      pages          = "081801",
      doi            = "10.1103/PhysRevLett.121.081801",
      eprint         = "1804.03496",
      archivePrefix  = "arXiv",
      primaryClass   = "hep-ex",
      reportNumber   = "CERN-EP-2018-033",
      SLACcitation   = "%%CITATION = ARXIV:1804.03496;%%"
}

@article{DBLP:journals/corr/ZhangB17,
  author    = {Zhe Zhang and
               Brian Bockelman},
  title     = {Exploring compression techniques for {ROOT} {IO}},
  journal   = {CoRR},
  volume    = {abs/1704.06976},
  year      = {2017},
  url       = {http://arxiv.org/abs/1704.06976},
  archivePrefix = {arXiv},
  eprint    = {1704.06976},
  timestamp = {Mon, 13 Aug 2018 16:48:04 +0200},
  biburl    = {https://dblp.org/rec/bib/journals/corr/ZhangB17},
  bibsource = {dblp computer science bibliography, https://dblp.org}
}

@phdthesis{giadarol,
  author       = {Giovanni Iadarola}, 
  title        = {Electron Cloud Studies for CERN Particle Accelerators and Simulation Code Development},
  school       = {Universit\`a degli Studi di Napoli Federico II, Napoli Italy, and European Organization for Nuclear Research (CERN)},
  year         = 2014,
  address      = {Geneva, Switzerland},
  month        = {March},
  note         = {}
}

@inproceedings{Vincent:2008:ECR:1390156.1390294,
 author = {Vincent, Pascal and Larochelle, Hugo and Bengio, Yoshua and Manzagol, Pierre-Antoine},
 title = {Extracting and Composing Robust Features with Denoising Autoencoders},
 booktitle = {Proceedings of the 25th International Conference on Machine Learning},
 series = {ICML '08},
 year = {2008},
 isbn = {978-1-60558-205-4},
 location = {Helsinki, Finland},
 pages = {1096--1103},
 numpages = {8},
 url = {http://doi.acm.org/10.1145/1390156.1390294},
 doi = {10.1145/1390156.1390294},
 acmid = {1390294},
 publisher = {ACM},
 address = {New York, NY, USA},
} 

@article{hinton,
author = {Hinton, G.E. and Salakhutdinov, R.R.},
year = {2006},
month = {08},
pages = {504-7},
title = {Reducing the Dimensionality of Data with Neural Networks},
volume = {313},
journal = {Science (New York, N.Y.)},
doi = {10.1126/science.1127647}
}


@misc{www,
  author = {Berners-Lee, Tim},
  title = {Information Management: A Proposal},
  month = {March},
  year = {1989},
  publisher = {},
  journal = {},
  howpublished = {\url{http://cds.cern.ch/record/369245/files/dd-89-001.pdf}},
}



@misc{trigger_das,
  author = {The {ATLAS} collaboration},
  title = {Trigger and Data Acquisition System},
  month = {June},
  year = {2019},
  publisher = {},
  journal = {},
  howpublished = {\url{https://atlas.cern/discover/detector/trigger-daq}},
}

@misc{ng_autoenc,
  author = {Ng et al., Andrew},
  title = {Autoencoders},
  month = {June},
  year = {2019},
  publisher = {Stanford},
  journal = {Unpublished manuscript},
  howpublished = {\url{http://ufldl.stanford.edu/tutorial/unsupervised/Autoencoders/}},
}

@misc{pyeclgit,
  author = {Giovanni Iadarola},
  title = {{PyECLOUD}},
  year = {2019},
  publisher = {GitHub},
  journal = {GitHub repository},
  howpublished = {\url{https://github.com/PyCOMPLETE/PyECLOUD}},
  commit = {}
}

@misc{posinst,
  author = {M. A. Furman and M. T. F. Pivi},
  title = {{POSINST}},
  year = {2019},
  publisher = {},
  journal = {},
  howpublished = {\url{http://blast.lbl.gov/blast-codes-posinst/}},
  commit = {}
}

@article{Collaboration_2008,
	doi = {10.1088/1748-0221/3/08/s08003},
	url = {https://doi.org/10.1088%2F1748-0221%2F3%2F08%2Fs08003},
	year = 2008,
	month = {aug},
	publisher = {{IOP} Publishing},
	volume = {3},
	number = {08},
	pages = {S08003--S08003},
    author="",
	title = {The {ATLAS} Experiment at the {CERN} Large Hadron Collider},
	journal = {Journal of Instrumentation}
}

@article{higgs_discovery,
title = "Observation of a new particle in the search for the {Standard Model Higgs boson} with the {ATLAS} detector at the {LHC}",
journal = "Physics Letters B",
volume = "716",
number = "1",
pages = "1 - 29",
year = "2012",
issn = "0370-2693",
doi = "https://doi.org/10.1016/j.physletb.2012.08.020",
url = "http://www.sciencedirect.com/science/article/pii/S037026931200857X",
author=""
}

@Article{Chala2015,
author="Chala, Mikael
and Kahlhoefer, Felix
and McCullough, Matthew
and Nardini, Germano
and Schmidt-Hoberg, Kai",
title="Constraining dark sectors with monojets and dijets",
journal="Journal of High Energy Physics",
year="2015",
month="Jul",
day="17",
volume="2015",
number="7",
pages="89",
issn="1029-8479",
doi="10.1007/JHEP07(2015)089",
url="https://doi.org/10.1007/JHEP07(2015)089"
}



@misc{fraud_detection_tutorial,
  author = {Ellison, David},
  title = {{Fraud Detection Using Autoencoders in Keras with a TensorFlow Backend}},
  year = 2018,
  howpublished = {\url{https://www.datascience.com/blog/fraud-detection-with-tensorflow}},
  urldate = {2019-08-02}
}

@misc{Errenst2018,
  author = {Errenst, Martin and Krasznahorkay, Attila},
  title = {{(D)AOD Compression Studies}},
  year = 2018,
  howpublished = {\url{https://indico.cern.ch/event/725169/contributions/2983338/attachments/1639555/2617474/180425_merrenst_SPOT.pdf}},
  urldate = {2019-08-02}
}

@inproceedings{Vincent:2008,
 author = {Vincent, Pascal and Larochelle, Hugo and Bengio, Yoshua and Manzagol, Pierre-Antoine},
 title = {Extracting and Composing Robust Features with Denoising Autoencoders},
 booktitle = {Proceedings of the 25th International Conference on Machine Learning},
 series = {ICML '08},
 year = {2008},
 isbn = {978-1-60558-205-4},
 location = {Helsinki, Finland},
 pages = {1096--1103},
 numpages = {8},
 url = {http://doi.acm.org/10.1145/1390156.1390294},
 doi = {10.1145/1390156.1390294},
 acmid = {1390294},
 publisher = {ACM},
 address = {New York, NY, USA},
} 
